<collection xmlns="http://www.loc.gov/MARC21/slim"><record><leader>00880nam  2200289   450</leader><controlfield tag="001">917</controlfield><controlfield tag="003">http://montalegre.opacnet.com/OPAC/default.aspx?ContentAreaControl=ShowRegHoldings.ascx&amp;RegNo=16662</controlfield><datafield tag="010" ind1=" " ind2=" "><subfield code="a">972-662-146-1</subfield></datafield><datafield tag="021" ind1=" " ind2=" "><subfield code="a">PT</subfield><subfield code="b">34979/90</subfield></datafield><datafield tag="095" ind1=" " ind2=" "><subfield code="a">PTBN00244600</subfield></datafield><datafield tag="100" ind1=" " ind2=" "><subfield code="a">19900426d1990    m  y0pory010305  ba</subfield></datafield><datafield tag="101" ind1="1" ind2=" "><subfield code="a">por</subfield><subfield code="c">fre</subfield></datafield><datafield tag="102" ind1=" " ind2=" "><subfield code="a">PT</subfield></datafield><datafield tag="105" ind1=" " ind2=" "><subfield code="a">y   z   001ay</subfield></datafield><datafield tag="106" ind1=" " ind2=" "><subfield code="a">r</subfield></datafield><datafield tag="200" ind1="1" ind2=" "><subfield code="a">&lt;O &gt;ídolo</subfield><subfield code="f">Robert Merle</subfield><subfield code="g">trad. António Gonçalves</subfield><subfield code="g">rev. Carmen de Carvalho</subfield></datafield><datafield tag="205" ind1=" " ind2=" "><subfield code="a">1ª ed</subfield></datafield><datafield tag="210" ind1=" " ind2=" "><subfield code="a">Lisboa</subfield><subfield code="c">Gradiva</subfield><subfield code="d">1990</subfield></datafield><datafield tag="215" ind1=" " ind2=" "><subfield code="a">363 p.</subfield><subfield code="d">24 cm</subfield></datafield><datafield tag="225" ind1="2" ind2=" "><subfield code="a">Gradiva</subfield><subfield code="v">17</subfield></datafield><datafield tag="304" ind1=" " ind2=" "><subfield code="a">Tít. orig. : L'idole</subfield></datafield><datafield tag="675" ind1=" " ind2=" "><subfield code="a">840-31"19"</subfield><subfield code="v">BN</subfield><subfield code="z">por</subfield></datafield><datafield tag="700" ind1=" " ind2="1"><subfield code="a">Merle</subfield><subfield code="b">Robert</subfield><subfield code="f">1908-</subfield></datafield><datafield tag="702" ind1=" " ind2="1"><subfield code="9">5</subfield><subfield code="a">Gonçalves</subfield><subfield code="b">António</subfield><subfield code="4">730</subfield></datafield><datafield tag="702" ind1=" " ind2="1"><subfield code="a">Carvalho</subfield><subfield code="b">Carmen de</subfield><subfield code="4">640</subfield></datafield><datafield tag="801" ind1=" " ind2="0"><subfield code="a">PT</subfield><subfield code="b">Biblioteca Municipal de Montalegre</subfield><subfield code="g">RPC</subfield></datafield><datafield tag="856" ind1=" " ind2=" "><subfield code="u">locateMedia.asp?cod=20060629160401&amp;ext=jpg</subfield><subfield code="z">CAPA</subfield></datafield><datafield tag="909" ind1="&#9;" ind2=" "><subfield code="a">1</subfield></datafield><datafield tag="966" ind1=" " ind2=" "><subfield code="a">0009338</subfield><subfield code="l">BMM</subfield><subfield code="s">SCG 821 MER ído 17</subfield></datafield></record></collection>